<?xml version="1.0" encoding="UTF-8"?><record xmlns="http://www.loc.gov/MARC21/slim" xmlns:cinclude="http://apache.org/cocoon/include/1.0" xmlns:zs="http://www.loc.gov/zing/srw/">
  <leader>01266cz  a2200205n  4500</leader>
  <controlfield tag="001">n  79110940 </controlfield>
  <controlfield tag="003">DLC</controlfield>
  <controlfield tag="005">20131031073703.0</controlfield>
  <controlfield tag="008">800623n| azannaabn          |a aaa      </controlfield>
  <datafield tag="010" ind1=" " ind2=" ">
    <subfield code="a">n  79110940 </subfield>
  </datafield>
  <datafield tag="035" ind1=" " ind2=" ">
    <subfield code="a">(OCoLC)oca00342794</subfield>
  </datafield>
  <datafield tag="040" ind1=" " ind2=" ">
    <subfield code="a">DLC</subfield>
    <subfield code="b">eng</subfield>
    <subfield code="c">DLC</subfield>
    <subfield code="d">DLC</subfield>
    <subfield code="d">Wa</subfield>
    <subfield code="d">MoSU-L</subfield>
    <subfield code="d">DLC</subfield>
    <subfield code="e">rda</subfield>
    <subfield code="d">IEN</subfield>
  </datafield>
  <datafield tag="046" ind1=" " ind2=" ">
    <subfield code="f">1905</subfield>
    <subfield code="g">2003</subfield>
  </datafield>
  <datafield tag="100" ind1="1" ind2=" ">
    <subfield code="a">Ray, Verne F.</subfield>
    <subfield code="q">(Verne Frederick),</subfield>
    <subfield code="d">1905-2003</subfield>
  </datafield>
  <datafield tag="378" ind1=" " ind2=" ">
    <subfield code="q">Verne Frederick</subfield>
  </datafield>
  <datafield tag="400" ind1="1" ind2=" ">
    <subfield code="a">Ray, Verne Frederick,</subfield>
    <subfield code="d">1905-2003</subfield>
  </datafield>
  <datafield tag="670" ind1=" " ind2=" ">
    <subfield code="a">American Ethnological Society. Spring Meeting (1957 : Cornell University). Cultural stability and cultural change, 1985:</subfield>
    <subfield code="b">CIP t.p. (Verne F. Ray)</subfield>
  </datafield>
  <datafield tag="670" ind1=" " ind2=" ">
    <subfield code="a">Columns [Univ. of Wash. alumni magazine, March 2004]</subfield>
    <subfield code="b">(Verne F. Ray 1905-2003, Verne Frederick Ray; UW anthropology professor; helped dozens of NW tribes win tribal land-claim settlements; died Sept. 28, [2003] at the age of 98; born in Illinois and raised in Washington, Ray earned his B.A. and M.A. in anthropology from UW and Ph.D. from Yale in 1937)</subfield>
  </datafield>
  <datafield tag="670" ind1=" " ind2=" ">
    <subfield code="a">OCLC, Oct. 30, 2013</subfield>
    <subfield code="b">(hdgs.: Ray, Verne Frederick, 1905-2003; Ray, Verne Frederick, 1905- ; Ray, Verne Frederick; Ray, Verne F.; usages: Verne F. Ray, Verne Frederick Ray)</subfield>
  </datafield>
  <datafield tag="670" ind1=" " ind2=" ">
    <subfield code="a">Cultural relations in the plateau of Northwestern America, 1939:</subfield>
    <subfield code="b">t.p. (Verne F. Ray)</subfield>
  </datafield>
</record>